<record xmlns='http://www.loc.gov/MARC21/slim'><leader>01570cim a22003612u 4500</leader><controlfield tag='001'>3600395</controlfield><controlfield tag='005'>20151214182555.0</controlfield><controlfield tag='007'>ss|lmnjluz|nuu</controlfield><controlfield tag='008'>991101s1988    nyunnn         l    eng d</controlfield><datafield ind1=' ' ind2=' ' tag='035'><subfield code='a'>(NIC)notisASF7460</subfield></datafield><datafield ind1=' ' ind2=' ' tag='035'><subfield code='a'>3600395</subfield></datafield><datafield ind1=' ' ind2=' ' tag='035'><subfield code='a'>(OCoLC)63895990</subfield></datafield><datafield ind1=' ' ind2=' ' tag='040'><subfield code='a'>NIC</subfield><subfield code='c'>NIC</subfield><subfield code='d'>NIC</subfield><subfield code='d'>NIC</subfield></datafield><datafield ind1='1' ind2=' ' tag='100'><subfield code='a'>Van Tienhoven, Ari.</subfield></datafield><datafield ind1='1' ind2='0' tag='245'><subfield code='a'>Structuring the environment: selecting resources and utilizing technology</subfield><subfield code='h'>[sound recording]</subfield></datafield><datafield ind1=' ' ind2=' ' tag='260'><subfield code='c'>1988.</subfield></datafield><datafield ind1=' ' ind2=' ' tag='300'><subfield code='a'>1 sound cassette (55 min.) :</subfield><subfield code='b'>analog, mono.</subfield></datafield><datafield ind1=' ' ind2=' ' tag='500'><subfield code='a'>Recorded in Ithaca, NY by Cornell University.</subfield></datafield><datafield ind1=' ' ind2=' ' tag='500'><subfield code='a'>Accompanied by: Notes.</subfield></datafield><datafield ind1=' ' ind2=' ' tag='500'><subfield code='a'>Sponsored by: Education, Department of,Office of Instruction, College of Agriculture and Life Sciences,Cornell Education Society.</subfield></datafield><datafield ind1=' ' ind2=' ' tag='500'><subfield code='a'>Speaker(s): Professor Emeritus, Avian Physiology.</subfield></datafield><datafield ind1=' ' ind2=' ' tag='518'><subfield code='a'>Lecture, March 14, 1988.</subfield></datafield><datafield ind1=' ' ind2=' ' tag='520'><subfield code='a'>Tienhoven presents the concept of teaching through personal insights and techniques. He argues that teaching is a two-way street which requires critical thinkingfrom both teacher and student.</subfield></datafield><datafield ind1=' ' ind2='0' tag='650'><subfield code='a'>Education, Higher.</subfield></datafield><datafield ind1=' ' ind2='0' tag='650'><subfield code='a'>Teacher-student relationships.</subfield></datafield><datafield ind1=' ' ind2='0' tag='650'><subfield code='a'>Educational innovations.</subfield></datafield><datafield ind1=' ' ind2='7' tag='650'><subfield code='a'>Education, Higher</subfield><subfield code='2'>fast</subfield><subfield code='0'>(OCoLC)fst00903005</subfield></datafield><datafield ind1=' ' ind2='7' tag='650'><subfield code='a'>Educational innovations</subfield><subfield code='2'>fast</subfield><subfield code='0'>(OCoLC)fst00903483</subfield></datafield><datafield ind1=' ' ind2='7' tag='650'><subfield code='a'>Teacher-student relationships</subfield><subfield code='2'>fast</subfield><subfield code='0'>(OCoLC)fst01144236</subfield></datafield><datafield ind1=' ' ind2='0' tag='830'><subfield code='a'>Teaching in a changing world: dilemmas and challenges.</subfield></datafield><datafield ind1='1' ind2=' ' tag='899'><subfield code='a'>CULectures</subfield></datafield><datafield ind1=' ' ind2=' ' tag='905'><subfield code='a'>20000110120000.0</subfield></datafield><datafield ind1='2' ind2=' ' tag='948'><subfield code='a'>20141221</subfield><subfield code='b'>m</subfield><subfield code='d'>batch</subfield><subfield code='e'>lts</subfield><subfield code='x'>addfast</subfield></datafield></record>